@article{Whitaker1989,
  author = { Lyn R. Whitaker,Francisco J. Samaniego},
  title = {Estimating the Reliability of Systems Subject to Imperfect Repair},
  journal = {Journal of the American Statistical Association},
  year = {1989},
  volume = {84},
  number = {405},
  pages = {301-309}
}

@article{Brown1983,
  author = { Mark Brown ,Frank Proschan},
  title = {Imperfect Repair},
  journal = {Journal of Applied Probability},
  year = {1983},
  volume = {20},
  number = {4},
  pages = {851-859}
}